<record><leader>00000cas a22000007a 4500</leader><controlfield tag="001">12849174</controlfield><controlfield tag="008">851126d18551857inuwr ne      0    0eng d</controlfield><datafield ind1=" " ind2=" " tag="010"><subfield code="a">sn 85048206 </subfield></datafield><datafield ind1=" " ind2=" " tag="040"><subfield code="a">NPI</subfield><subfield code="b">eng</subfield><subfield code="c">NPI</subfield><subfield code="d">IUL</subfield><subfield code="d">NPI</subfield><subfield code="d">IUL</subfield><subfield code="d">OCLCQ</subfield><subfield code="d">OCLCF</subfield></datafield><datafield ind1="1" ind2=" " tag="029"><subfield code="a">AU@</subfield><subfield code="b">000025841160</subfield></datafield><datafield ind1=" " ind2=" " tag="042"><subfield code="a">msc</subfield></datafield><datafield ind1=" " ind2=" " tag="043"><subfield code="a">n-us-in</subfield></datafield><datafield ind1="0" ind2=" " tag="130"><subfield code="a">Union County herald (Liberty, Ind.)</subfield></datafield><datafield ind1="1" ind2="4" tag="245"><subfield code="a">The Union County herald.</subfield></datafield><datafield ind1=" " ind2=" " tag="260"><subfield code="a">Liberty, Ind. :</subfield><subfield code="b">Z. Casterline &amp; J.J. Gardner,</subfield><subfield code="c">1855-1857.</subfield></datafield><datafield ind1=" " ind2=" " tag="300"><subfield code="a">3 v. :</subfield><subfield code="b">ill. (chiefly advertisements) ;</subfield><subfield code="c">61 cm.</subfield></datafield><datafield ind1=" " ind2=" " tag="310"><subfield code="a">Weekly</subfield></datafield><datafield ind1="0" ind2=" " tag="362"><subfield code="a">Vol. 4, no. 21 (June 8, 1855)-v. 6, no. 1 (Jan. 1, 1857).</subfield></datafield><datafield ind1=" " ind2=" " tag="500"><subfield code="a">Republican party supporter Cf. Miller.</subfield></datafield><datafield ind1=" " ind2="0" tag="651"><subfield code="a">Liberty (Ind.)</subfield><subfield code="v">Newspapers.</subfield></datafield><datafield ind1=" " ind2="0" tag="651"><subfield code="a">Union County (Ind.)</subfield><subfield code="v">Newspapers.</subfield></datafield><datafield ind1=" " ind2="7" tag="655"><subfield code="a">Newspapers.</subfield><subfield code="2">fast</subfield><subfield code="0">(OCoLC)fst01423814</subfield></datafield><datafield ind1=" " ind2="7" tag="651"><subfield code="a">Indiana</subfield><subfield code="z">Liberty.</subfield><subfield code="2">fast</subfield><subfield code="0">(OCoLC)fst01257867</subfield></datafield><datafield ind1=" " ind2="7" tag="651"><subfield code="a">Indiana</subfield><subfield code="z">Union County.</subfield><subfield code="2">fast</subfield><subfield code="0">(OCoLC)fst01213218</subfield></datafield><datafield ind1=" " ind2=" " tag="752"><subfield code="a">United States</subfield><subfield code="b">Indiana</subfield><subfield code="c">Union</subfield><subfield code="d">Liberty.</subfield></datafield><datafield ind1="0" ind2="0" tag="780"><subfield code="t">Union herald (Liberty, Ind.)</subfield><subfield code="w">(DLC)sn 85048205</subfield></datafield><datafield ind1="0" ind2="0" tag="785"><subfield code="t">Liberty weekly herald (Liberty, Ind.)</subfield><subfield code="w">(DLC)sn 84037906</subfield></datafield></record>